@book{2022statquest,
  title     = {The StatQuest Illustrated Guide to Machine Learning!!!: Master the Concepts, One Full-Color Picture at a Time, from the Basics All the Way to Neural Networks. BAM!},
  author    = {Starmer, J.},
  isbn      = {9781804618912},
  url       = {https://books.google.co.uk/books?id=gWRGzwEACAAJ},
  year      = {2022},
  publisher = {Packt Publishing, Limited}
}

@misc{BbcPassportMetadata,
  title        = {{How metadata will drive content discovery for the BBC online}},
  author       = {BBC},
  howpublished = {\url{https://www.bbc.co.uk/webarchive/https%3A%2F%2Fwww.bbc.co.uk%2Fblogs%2Finternet%2Fentries%2Feacbb071-d471-4d85-ba9d-938c0c800d0b}},
  year         = 2020,
  note         = {{This page was archived on 1st August 2023 and is no longer updated}}
}

@article{DBLP:journals/corr/abs-2003-05991,
  author     = {Dor Bank and
                Noam Koenigstein and
                Raja Giryes},
  title      = {Autoencoders},
  journal    = {CoRR},
  volume     = {abs/2003.05991},
  year       = {2020},
  url        = {https://arxiv.org/abs/2003.05991},
  eprinttype = {arXiv},
  eprint     = {2003.05991},
  timestamp  = {Tue, 17 Mar 2020 14:18:27 +0100},
  biburl     = {https://dblp.org/rec/journals/corr/abs-2003-05991.bib},
  bibsource  = {dblp computer science bibliography, https://dblp.org}
}

@article{DBLP:journals/corr/abs-2201-03898,
  author     = {Umberto Michelucci},
  title      = {An Introduction to Autoencoders},
  journal    = {CoRR},
  volume     = {abs/2201.03898},
  year       = {2022},
  url        = {https://arxiv.org/abs/2201.03898},
  eprinttype = {arXiv},
  eprint     = {2201.03898},
  timestamp  = {Thu, 20 Jan 2022 14:21:35 +0100},
  biburl     = {https://dblp.org/rec/journals/corr/abs-2201-03898.bib},
  bibsource  = {dblp computer science bibliography, https://dblp.org}
}

@article{DBLP:journals/corr/LiJDRT16,
  author     = {Lisha Li and
                Kevin G. Jamieson and
                Giulia DeSalvo and
                Afshin Rostamizadeh and
                Ameet Talwalkar},
  title      = {Hyperband: A Novel Bandit-Based Approach to Hyperparameter Optimization},
  journal    = {CoRR},
  volume     = {abs/1603.06560},
  year       = {2016},
  url        = {http://arxiv.org/abs/1603.06560},
  eprinttype = {arXiv},
  eprint     = {1603.06560},
  timestamp  = {Mon, 13 Aug 2018 16:48:11 +0200},
  biburl     = {https://dblp.org/rec/journals/corr/LiJDRT16.bib},
  bibsource  = {dblp computer science bibliography, https://dblp.org}
}

@misc{MoreLikeBluey,
  title        = {{Bluey - "more like this" tab}},
  author       = {BBC},
  howpublished = {\url{https://www.bbc.co.uk/iplayer/episodes/m000vbrk/bluey?seriesId=more-like-this}}
}

@misc{RecsAssumptions,
  title        = {Recommendation assumptions},
  author       = {{Simone Spaccarotella}},
  howpublished = {\url{https://www.slideshare.net/slideshow/recommendations-assumptions/236291920}},
  year         = 2015,
  note         = {{Presented at Prototyping Day @ Mozilla London on 3 September 2015,
                  at Engineering Summit @ BBC on 7 March 2018, uploaded on SlideShare on 27 June 2020}}
}

@misc{RoyalCharterBBC,
  title        = {{The Royal Charter}},
  author       = {BBC},
  howpublished = {\url{https://www.bbc.com/aboutthebbc/governance/charter}},
  year         = 2017,
  note         = {{Valid until 31 December 2027}}
}
